@misc{zometool,
  key = {Zometool},
  title = "Zoomtool",
  note  = "http://www.zometool.com"
}


@article {Song-2016-CofiFab,
title = {{CofiFab}: Coarse-to-Fine Fabrication of Large 3D Objects},
author = {Peng Song and Bailin Deng and Ziqi Wang and Zhichao Dong and Wei Li and Chi-Wing Fu and Ligang Liu},
journal = {ACM Transactions on Graphics (SIGGRAPH 2016)},
volume = {35},
number = {4},
note = {Article 45},
year = {2016},
}


@inproceedings{Shamir:2016:CTP,
 author = {Shamir, Ariel and Bickel, Bernd and Matusik, Wojciech},
 title = {Computational Tools for 3D Printing},
 booktitle = {ACM SIGGRAPH 2016 Courses},
 series = {SIGGRAPH '16},
 year = {2016},
 isbn = {978-1-4503-4289-6},
 location = {Anaheim, California},
 pages = {9:1--9:34},
 articleno = {9},
 numpages = {34},
 url = {http://doi.acm.org/10.1145/2897826.2927367},
 doi = {10.1145/2897826.2927367},
 acmid = {2927367},
 publisher = {ACM},
 address = {New York, NY, USA},
} 

@article{Huang:2016:FRF,
 author = {Huang, Yijiang and Zhang, Juyong and Hu, Xin and Song, Guoxian and Liu, Zhongyuan and Yu, Lei and Liu, Ligang},
 title = {FrameFab: Robotic Fabrication of Frame Shapes},
 journal = {ACM Trans. Graph.},
 issue_date = {November 2016},
 volume = {35},
 number = {6},
 month = nov,
 year = {2016},
 issn = {0730-0301},
 pages = {224:1--224:11},
 articleno = {224},
 numpages = {11},
 url = {http://doi.acm.org/10.1145/2980179.2982401},
 doi = {10.1145/2980179.2982401},
 acmid = {2982401},
 publisher = {ACM},
 address = {New York, NY, USA},
 keywords = {frame shapes, frame structure, path planning, robotic fabrication, spatial thermoplastic extrusion},
} 


@article{Wu:2016:PAM,
 author = {Wu, Rundong and Peng, Huaishu and Guimbreti\`{e}re, Fran\c{c}ois and Marschner, Steve},
 title = {Printing Arbitrary Meshes with a 5DOF Wireframe Printer},
 journal = {ACM Trans. Graph.},
 issue_date = {July 2016},
 volume = {35},
 number = {4},
 month = jul,
 year = {2016},
 issn = {0730-0301},
 pages = {101:1--101:9},
 articleno = {101},
 numpages = {9},
 url = {http://doi.acm.org/10.1145/2897824.2925966},
 doi = {10.1145/2897824.2925966},
 acmid = {2925966},
 publisher = {ACM},
 address = {New York, NY, USA},
 keywords = {3D printing, meshes, wireframe, wireprint},
} 

@article{Umetani:2016:PIR,
 author = {Umetani, Nobuyuki and Panotopoulou, Athina and Schmidt, Ryan and Whiting, Emily},
 title = {Printone: Interactive Resonance Simulation for Free-form Print-wind Instrument Design},
 journal = {ACM Trans. Graph.},
 issue_date = {November 2016},
 volume = {35},
 number = {6},
 month = nov,
 year = {2016},
 issn = {0730-0301},
 pages = {184:1--184:14},
 articleno = {184},
 numpages = {14},
 url = {http://doi.acm.org/10.1145/2980179.2980250},
 doi = {10.1145/2980179.2980250},
 acmid = {2980250},
 publisher = {ACM},
 address = {New York, NY, USA},
 keywords = {3D printing, acoustic simulation, computational fabrication, interactive design, wind instrument},
} 

@article{Luo:2015:LOL, 
   author = {Luo, Sheng-Jie and Yue, Yonghao and Huang, Chun-Kai and Chung, Yu-Huan and Imai, Sei and Nishita, Tomoyuki and Chen, Bing-Yu}, 
   title = {Legolization: Optimizing LEGO Designs}, 
   journal = {ACM Transactions on Graphics (Proc. SIGGRAPH Asia 2015)}, 
   volume = {34}, 
   number = {6}, 
   pages = {222:1--222:12}, 
   articleno = {222}, 
   numpages = {12}, 
   year = {2015}, 
   publisher = {ACM}, 
}

@article{Yao:2015:LPP,
 author = {Yao, Miaojun and Chen, Zhili and Luo, Linjie and Wang, Rui and Wang, Huamin},
 title = {Level-set-based Partitioning and Packing Optimization of a Printable Model},
 journal = {ACM Trans. Graph.},
 issue_date = {November 2015},
 volume = {34},
 number = {6},
 month = oct,
 year = {2015},
 issn = {0730-0301},
 pages = {214:1--214:11},
 articleno = {214},
 numpages = {11},
 url = {http://doi.acm.org/10.1145/2816795.2818064},
 doi = {10.1145/2816795.2818064},
 acmid = {2818064},
 publisher = {ACM},
 address = {New York, NY, USA},
 keywords = {3D packing, 3D printing, mesh segmentation, multi-phase level set, shape optimization, shape partitioning},
} 

@article{hastings:1970:monte,
  title={Monte Carlo sampling methods using Markov chains and their applications},
  author={Hastings, W Keith},
  journal={Biometrika},
  volume={57},
  number={1},
  pages={97--109},
  year={1970},
  publisher={Biometrika Trust}
}

@misc{cgal,
  key = {CGAL},
  title = "\textsc{Cgal}, {C}omputational {G}eometry {A}lgorithms {L}ibrary",
  note  = "http://www.cgal.org"
}

@article{SpinIt:Baecher:2014,
author = {Moritz B\"acher and Emily Whiting and Bernd Bickel and Olga Sorkine-Hornung},
title = {{Spin-It}: Optimizing Moment of Inertia for Spinnable Objects},
journal = {ACM Transactions on Graphics (proceedings of ACM SIGGRAPH)},
volume = {33},
number = {4},
pages = {96:1--96:10},
year = {2014},
}


@article{zimmer:2014:Zometool,
  title={Zometool shape approximation},
  author={Zimmer, Henrik and Lafarge, Florent and Alliez, Pierre and Kobbelt, Leif},
  journal={Graphical Models},
  volume={76},
  number={5},
  pages={390--401},
  year={2014},
  publisher={Elsevier}
}

@ARTICLE{zimmer:2014:tvcg, 
author={H. Zimmer and L. Kobbelt}, 
journal={IEEE Transactions on Visualization and Computer Graphics}, 
title={Zometool Rationalization of Freeform Surfaces}, 
year={2014}, 
volume={20}, 
number={10}, 
pages={1461-1473}, 
keywords={mesh generation;solid modelling;3D puzzle creation;Zometool modeling;Zometool rationalization;Zometool system;consumer-level rapid-prototyping applications;crystal lattices;disk-topology surfaces;do-it-yourself reproduction;freeform designs;freeform surfaces;hard approximation problem;higher dimensional polyhedra modeling;large-scale architectural applications;marching front approach;mathematical modeling system;meshing;molecules;personal fabrication;product customization;symmetric structures;toy creation;Approximation methods;Geometry;Harmonic analysis;Optimization;Three-dimensional displays;Visualization;Rationalization;Zometool;advancing front;discrete optimization;freeform surface approximation;meshing}, 
doi={10.1109/TVCG.2014.2307885}, 
ISSN={1077-2626}, 
month={Oct}
}

@article{boykov:2004:experimental,
  title={An experimental comparison of min-cut/max-flow algorithms for energy minimization in vision},
  author={Boykov, Yuri and Kolmogorov, Vladimir},
  journal={IEEE transactions on pattern analysis and machine intelligence},
  volume={26},
  number={9},
  pages={1124--1137},
  year={2004},
  publisher={IEEE}
}

@article{Prevost:MIS:2013,
author = {Romain Pr\'evost and Emily Whiting and Sylvain Lefebvre and Olga Sorkine-Hornung},
title = {{Make It Stand}: Balancing Shapes for 3{D} Fabrication},
journal = {ACM Transactions on Graphics (proceedings of ACM SIGGRAPH)},
volume = {32},
number = {4},
year = {2013},
pages = {81:1--81:10},
}

@article{Zhou:2013:WSA,
 author = {Zhou, Qingnan and Panetta, Julian and Zorin, Denis},
 title = {Worst-case Structural Analysis},
 journal = {ACM Trans. Graph.},
 issue_date = {July 2013},
 volume = {32},
 number = {4},
 month = jul,
 year = {2013},
 issn = {0730-0301},
 pages = {137:1--137:12},
 articleno = {137},
 numpages = {12},
 url = {http://doi.acm.org/10.1145/2461912.2461967},
 doi = {10.1145/2461912.2461967},
 acmid = {2461967},
 publisher = {ACM},
 address = {New York, NY, USA},
 keywords = {digital manufacturing, structural analysis},
} 

@article{Lu:2014:BSW,
 author = {Lu, Lin and Sharf, Andrei and Zhao, Haisen and Wei, Yuan and Fan, Qingnan and Chen, Xuelin and Savoye, Yann and Tu, Changhe and Cohen-Or, Daniel and Chen, Baoquan},
 title = {Build-to-last: Strength to Weight 3D Printed Objects},
 journal = {ACM Trans. Graph.},
 issue_date = {July 2014},
 volume = {33},
 number = {4},
 month = jul,
 year = {2014},
 issn = {0730-0301},
 pages = {97:1--97:10},
 articleno = {97},
 numpages = {10},
 url = {http://doi.acm.org/10.1145/2601097.2601168},
 doi = {10.1145/2601097.2601168},
 acmid = {2601168},
 publisher = {ACM},
 address = {New York, NY, USA},
 keywords = {3D printing technologies, porous structure design, solid object hollowing, volume-voronoi shape},
} 

@article {Wang:SIGA2013,
    title = {Cost-effective Printing of 3D Objects with Skin-Frame Structures},
    author = {Weiming Wang and Tuanfeng Y. Wang and Zhouwang Yang and Ligang Liu and Xin Tong and Weihua Tong and Jiansong Deng and Falai Chen and Xiuping Liu },
    journal = {ACM Transactions on Graphics (Proc. SIGGRAPH Aisa)},
    volume={32},
    number={5},
    pages={Article 177: 1-10},    
    year = {2013}
}


@article{Song-2012-InterCubes,
    author  = {Peng Song and Chi-Wing Fu and Daniel Cohen-Or},
    title   = {Recursive Interlocking Puzzles},
    journal = {ACM Transactions on Graphics (SIGGRAPH Asia 2012)},
    month   = {December},
    year    = {2012},
    pages   = {128:1--128:10},
}

@article{cortes1995support,
  title={Support-vector networks},
  author={Cortes, Corinna and Vapnik, Vladimir},
  journal={Machine learning},
  volume={20},
  number={3},
  pages={273--297},
  year={1995},
  publisher={Springer}
}

@article{lin2007visual,
  title={Visual salience-guided mesh decomposition},
  author={Lin, Hsueh-Yi Sean and Liao, Hong-Yuan Mark and Lin, Ja-Chen},
  journal={IEEE Transactions on Multimedia},
  volume={9},
  number={1},
  pages={46--57},
  year={2007},
  publisher={IEEE}
}

@inproceedings{liu2004segmentation,
  title={Segmentation of 3D meshes through spectral clustering},
  author={Liu, Rong and Zhang, Hao},
  booktitle={Computer Graphics and Applications, 2004. PG 2004. Proceedings. 12th Pacific Conference on},
  pages={298--305},
  year={2004},
  organization={IEEE}
}

@inproceedings{wang2016improved,
  title={Improved surface quality in 3d printing by optimizing the printing direction},
  author={Wang, Weiming M and Zanni, Cedric and Kobbelt, Leif},
  booktitle={Computer Graphics Forum},
  pages={59--70},
  year={2016},
  organization={Wiley Online Library}
}

@inproceedings{lai2008fast,
  title={Fast mesh segmentation using random walks},
  author={Lai, Yu-Kun and Hu, Shi-Min and Martin, Ralph R and Rosin, Paul L},
  booktitle={Proceedings of the 2008 ACM symposium on Solid and physical modeling},
  pages={183--191},
  year={2008},
  organization={ACM}
}

@article{katz2005mesh,
  title={Mesh segmentation using feature point and core extraction},
  author={Katz, Sagi and Leifman, George and Tal, Ayellet},
  journal={The Visual Computer},
  volume={21},
  number={8-10},
  pages={649--658},
  year={2005},
  publisher={Springer}
}

@article{attene2006hierarchical,
  title={Hierarchical mesh segmentation based on fitting primitives},
  author={Attene, Marco and Falcidieno, Bianca and Spagnuolo, Michela},
  journal={The Visual Computer},
  volume={22},
  number={3},
  pages={181--193},
  year={2006},
  publisher={Springer}
}

@inproceedings{golovinskiy:2008:randomized,
  title={Randomized cuts for 3D mesh analysis},
  author={Golovinskiy, Aleksey and Funkhouser, Thomas},
  booktitle={ACM transactions on graphics (TOG)},
  pages={145},
  year={2008},
  organization={ACM}
}

@inproceedings{shlafman:2002:metamorphosis,
  title={Metamorphosis of polyhedral surfaces using decomposition},
  author={Shlafman, Shymon and Tal, Ayellet and Katz, Sagi},
  booktitle={Computer graphics forum},
  pages={219--228},
  year={2002},
  organization={Wiley Online Library}
}

@article{Luo:2012:CPM,
  author = "Linjie Luo and Ilya Baran and Szymon Rusinkiewicz and Wojciech
    Matusik",
  title = "Chopper: Partitioning Models into {3D}-Printable Parts",
  journal = "ACM Transactions on Graphics (Proc. SIGGRAPH Asia)",
  year = "2012",
  month = dec,
  volume = "31",
  number = "6"
}


@article{delong:2012:fast,
  title={Fast approximate energy minimization with label costs},
  author={Delong, Andrew and Osokin, Anton and Isack, Hossam N and Boykov, Yuri},
  journal={International journal of computer vision},
  volume={96},
  number={1},
  pages={1--27},
  year={2012},
  publisher={Springer}
}

@article{shapira:2008:consistent,
  title={Consistent mesh partitioning and skeletonisation using the shape diameter function},
  author={Shapira, Lior and Shamir, Ariel and Cohen-Or, Daniel},
  journal={The Visual Computer},
  volume={24},
  number={4},
  pages={249},
  year={2008},
  publisher={Springer}
}


@book{Henderson:2003:SA,
    author={Henderson, Darrall
    and Jacobson, Sheldon H.
    and Johnson, Alan W.},
    title={The Theory and Practice of Simulated Annealing},
    bookTitle={Handbook of Metaheuristics},
    year={2003},
    publisher={Springer US},
    address={Boston, MA},
    pages={287--319},
    isbn={978-0-306-48056-0},
    doi={10.1007/0-306-48056-5_10},
    url={http://dx.doi.org/10.1007/0-306-48056-5_10}
}

@book{Salamon:2002:SA,
title={Facts, conjectures, and improvements for simulated annealing},
author={Salamon, Peter and Frost, Richard, and Sibani, Paolo},
publisher={Society for Industrial and Applied Mathematics},  
year={2002}
}

@article{Shapira:2008:CMP,
 author = {Shapira, Lior and Shamir, Ariel and Cohen-Or, Daniel},
 title = {Consistent Mesh Partitioning and Skeletonisation Using the Shape Diameter Function},
 journal = {Vis. Comput.},
 volume = {24},
 number = {4},
 year = {2008},
 pages = {249--259},
 numpages = {11},
 keywords = {Geometry processing, Mesh decomposition, Skeleton extraction},
}

@article{Chen:2009:BMS,
 author = {Chen, Xiaobai and Golovinskiy, Aleksey and Funkhouser, Thomas},
 title = {A Benchmark for 3{D} Mesh Segmentation},
 journal = {ACM Trans. Graph.},
 volume = {28},
 number = {3},
 year = {2009},
 pages = {73:1--73:12},
 articleno = {73},
 numpages = {12},
}

@misc{davis2007mathematics,
  title={The mathematics of zome},
  author={Davis, Tom},
  year={2007}
}

@article{Zimmer:2014:ZSA,
 author = {Zimmer, Henrik and Lafarge, Florent and Alliez, Pierre and Kobbelt, Leif},
 title = {Zometool Shape Approximation},
 journal = {Graph. Models},
 volume = {76},
 number = {5},
 year = {2014},
 pages = {390--401},
 numpages = {12},
 keywords = {Remeshing, Simulated annealing, Topology preservation, Zometool},
}

@article {CGF:CGF581,
author = {Shlafman, Shymon and Tal, Ayellet and Katz, Sagi},
title = {Metamorphosis of Polyhedral Surfaces using Decomposition},
journal = {Comput. Graph. Forum},
volume = {21},
number = {3},
pages = {219--228},
year = {2002},
}

@article{Katz:2003:HMD,
 author = {Katz, Sagi and Tal, Ayellet},
 title = {Hierarchical Mesh Decomposition Using Fuzzy Clustering and Cuts},
 journal = {ACM Trans. Graph.},
 volume = {22},
 number = {3},
 year = {2003},
 pages = {954--961},
 numpages = {8},
}

@inproceedings{Garland:2001:HFC,
 author = {Garland, Michael and Willmott, Andrew and Heckbert, Paul S.},
 title = {Hierarchical Face Clustering on Polygonal Surfaces},
 booktitle = {Proc. I3D '01},
 year = {2001},
 pages = {49--58},
 numpages = {10},
}

@inproceedings{Gelfand:2004:SSU,
 author = {Gelfand, Natasha and Guibas, Leonidas J.},
 title = {Shape Segmentation Using Local Slippage Analysis},
 booktitle = {Proc. SGP '04},
 year = {2004},
 pages = {214--223},
 numpages = {10},
}

@article{Golovinskiy:2008:RCM,
 author = {Golovinskiy, Aleksey and Funkhouser, Thomas},
 title = {Randomized Cuts for 3{D} Mesh Analysis},
 journal = {ACM Trans. Graph.},
 volume = {27},
 number = {5},
 year = {2008},
 pages = {145:1--145:12},
 articleno = {145},
 numpages = {12},
}

@article{Attene:2006:HMS,
 author = {Attene, Marco and Falcidieno, Bianca and Spagnuolo, Michela},
 title = {Hierarchical Mesh Segmentation Based on Fitting Primitives},
 journal = {Vis. Comput.},
 volume = {22},
 number = {3},
 year = {2006},
 pages = {181--193},
 numpages = {13},
}

@inproceedings{Lai:2008:FMS,
 author = {Lai, Yu-Kun and Hu, Shi-Min and Martin, Ralph R. and Rosin, Paul L.},
 title = {Fast Mesh Segmentation Using Random Walks},
 booktitle = {Proc. SPM '08},
 year = {2008},
 pages = {183--191},
 numpages = {9},
}

@article{Katz:2005:MSF,
 year={2005},
 journal={Vis. Comput.},
 volume={21},
 number={8-10},
 title={Mesh segmentation using feature point and core extraction},
 author={Katz, Sagi and Leifman, George and Tal, Ayellet},
 pages={649--658},
}

@inproceedings{Mortara:2004:PMM,
 author = {Mortara, M. and Patan\`{e}, G. and Spagnuolo, M. and Falcidieno, B. and Rossignac, J.},
 title = {Plumber: A Method for a Multi-scale Decomposition of 3{D} Shapes into Tubular Primitives and Bodies},
 booktitle = {Proc. SM '04},
 year = {2004},
 pages = {339--344},
 numpages = {6},
 }

@inproceedings{Liu:2004:SMT,
 author = {Liu, Rong and Zhang, Hao},
 title = {Segmentation of 3{D} Meshes Through Spectral Clustering},
 booktitle = {Proc. PG '04},
 year = {2004},
 pages = {298--305},
 numpages = {8},
}

@article{Lin:2007:VSM,
 author = {Lin, Hsueh-Yi and Liao, H. -Y. M. and Lin, Ja-Chen.},
 title = {Visual Salience-Guided Mesh Decomposition},
 journal = {IEEE Trans. Multi.},
 volume = {9},
 number = {1},
 year = {2007},
 pages = {46--57},
 numpages = {12},
}

@misc{SVZ,
	author = {S.Vorthmann.},
	title = {{vZ}ome [Online]},
	url = {http://vzome.com},
}

@misc{ESZ,
	author = {E.Schlapp.},
	title = {Zome{CAD}. [Online].},
	url = {http://www.softpedia.com/get/Science-CAD/ZomeCAD.shtml},
}

@misc{BLD,
	author = {Blender Foundation},
	title = {Blender. [Online].},
	url = {https://www.blender.org/},
}

%fabrication
%Functional Objects
@inproceedings{Mueller:2014:FFP,
  author = {Mueller, Stefanie and Mohr, Tobias and Guenther, Kerstin and Frohnhofen, Johannes and Baudisch, Patrick},
  title = {faBrickation: Fast 3{D} Printing of Functional Objects by Integrating Construction Kit Building Blocks},
  booktitle = {Proc. ACM CHI '14},
  year = {2014},
  pages = {3827--3834},
  numpages = {8},
}

@inproceedings{Savage:2013:SES,
  author = {Savage, Valkyrie and Chang, Colin and Hartmann, Bj\"{o}rn},
  title = {Sauron: Embedded Single-camera Sensing of Printed Physical User Interfaces},
  booktitle = {Proc. ACM UIST '13},
  year = {2013},
  pages = {447--456},
  numpages = {10},
}

@inproceedings{Mueller:2012:ICI,
  author = {Mueller, Stefanie and Lopes, Pedro and Baudisch, Patrick},
  title = {Interactive Construction: Interactive Fabrication of Functional Mechanical Devices},
  booktitle = {Proc. ACM UIST '12},
  year = {2012},
  pages = {599--606},
  numpages = {8},
}

%cost-effective
@inproceedings{Mueller:2014:WPP,
  author = {Mueller, Stefanie and Im, Sangha and Gurevich, Serafima and Teibrich, Alexander and Pfisterer, Lisa and Guimbreti\`{e}re, Fran\c{c}ois and Baudisch, Patrick},
  title = {WirePrint: 3{D} Printed Previews for Fast Prototyping},
  booktitle = {Proc. ACM UIST '14},
  year = {2014},
  pages = {273--280},
  numpages = {8},
}

@article{Wang:2013:CPO,
  author = {Wang, Weiming and Wang, Tuanfeng Y. and Yang, Zhouwang and Liu, Ligang and Tong, Xin and Tong, Weihua and Deng, Jiansong and Chen, Falai and Liu, Xiuping},
  title = {Cost-effective Printing of 3{D} Objects with Skin-frame Structures},
  journal = {ACM Trans. Graph.},
  volume = {32},
  number = {6},
  year = {2013},
  pages = {177:1--177:10},
  articleno = {177},
  numpages = {10},
}

@article{Cignoni:2014:FMJ,
  author = {Cignoni, Paolo and Pietroni, Nico and Malomo, Luigi and Scopigno, Roberto},
  title = {Field-aligned Mesh Joinery},
  journal = {ACM Trans. Graph.},
  volume = {33},
  number = {1},
  year = {2014},
  pages = {11:1--11:12},
  articleno = {11},
  numpages = {12},
}

%coat method
@article{Garg:2014:WMD,
  author = {Garg, Akash and Sageman-Furnas, Andrew O. and Deng, Bailin and Yue, Yonghao and Grinspun, Eitan and Pauly, Mark and Wardetzky, Max},
  title = {Wire Mesh Design},
  journal = {ACM Trans. Graph.},
  volume = {33},
  number = {4},
  year = {2014},
  pages = {66:1--66:12},
  articleno = {66},
  numpages = {12},
}


@article{Medell:2007:ALRP,
title = "Automatic subdivision and refinement of large components for rapid prototyping production",
author = "H. Medellín and T. Lim and J. Corney and Ritchie, {J. M.} and Davies, {J. B C}",
year = "2007",
month = "9",
doi = "10.1115/1.2753162",
volume = "7",
pages = "249--258",
journal = "Journal of Computing and Information Science in Engineering",
issn = "1530-9827",
publisher = "American Society of Mechanical Engineers",
number = "3",
}


@article{Hao:2011:APLM,
author = {Jingbin Hao and Liang Fang and Robert E. Williams},
title = {An efficient curvature‐based partitioning of large‐scale STL models},
journal = {Rapid Prototyping Journal},
volume = {17},
number = {2},
pages = {116-127},
year = {2011},
}

@article{Hu:2014:APS,
 author = {Hu, Ruizhen and Li, Honghua and Zhang, Hao and Cohen-Or, Daniel},
 title = {Approximate Pyramidal Shape Decomposition},
 journal = {ACM Trans. Graph.},
 issue_date = {November 2014},
 volume = {33},
 number = {6},
 month = nov,
 year = {2014},
 issn = {0730-0301},
 pages = {213:1--213:12},
 articleno = {213},
 numpages = {12},
 doi = {10.1145/2661229.2661244},
 acmid = {2661244},
 publisher = {ACM},
} 

@article{Vanek:2014:PMVO,
  author = {Vanek, Juraj and Galicia, Jorge A. Garcia and Benes, Bedrich and Mech, Radomír and Carr, Nathan A. and Stava, Ondrej and Miller, Gavin S. P.},
  journal = {Comput. Graph. Forum},
  keywords = {dblp},
  number = 6,
  pages = {322-332},
  timestamp = {2017-01-04T11:36:50.000+0100},
  title = {PackMerger: A 3D Print Volume Optimizer.},
  url = {http://dblp.uni-trier.de/db/journals/cgf/cgf33.html#VanekGBMCSM14},
  volume = 33,
  year = 2014
}

